@Booklet{Bordini2007,
  title = 	 {Jason Manual},
  OPTkey = 	 {},
  author = 	 {Rafael H. Bordini and Jomi F. H\"{u}bner},
  howpublished = {Online at \url{http://jason.sourceforge.net/Jason.pdf}},
  url = {\url{http://jason.sourceforge.net/Jason.pdf}},
  OPTaddress = 	 {},
  OPTmonth = 	 {},
  OPTyear = 	 {},
  OPTnote = 	 {},
  OPTannote = 	 {}
}